@article{test,
    author    = "Henry Fletcher",
    title     = "This is a test document",
    journal   = "IEEE",
    year      = "2015",
}